@incollection{Bringsjord2012,
	Address = {8, square des Bouleaux, 75019 Paris, France},
	Author = {Bringsjord, Selmer and Licato, John},
	Booktitle = {{Theoretical Foundations of Artificial General Intelligence}},
	Date-Added = {2012-03-05 19:34:11 -0500},
	Date-Modified = {2014-05-13 01:48:09 +0000},
	Editor = {Pei Wang and Ben Goertzel},
	Pages = {25-48},
	Publisher = {Atlantis Press},
	Title = {{Psychometric Artificial General Intelligence: The Piaget-MacGyver Room}},
	Year = {2012}
}


@phdthesis{Clark:2010:CIL:2019791,
 author = {Clark, Micah H.},
 advisor = {Bringsjord, Selmer},
 title = {Cognitive Illusions and the Lying Machine: A Blueprint for Sophistic Mendacity},
 year = {2010},
 isbn = {978-1-124-19928-3},
 publisher = {Rensselaer Polytechnic Institute},
 address = {{Dept. Cog. Sci., Rensselaer Polytech. Inst., Troy, NY}},
} 

@inproceedings{firozabadi1998formal,
  title={Formal models of fraud},
  author={Firozabadi, B Sadighi and Tan, Yao-Hua},
  booktitle={Proc. 4$^{th}$ Int. Workshop Deontic Logic Computer Science {(EON'98)}},
  pages={371--385},
  year={1998}
}

@ARTICLE {bringsjord_jetai_pai_overview_2011,
 AUTHOR = {Selmer Bringsjord},
 JOURNAL = {Journal of Experimental and Theoretical
            Artificial Intelligence},
 TITLE = {{Psychometric Artificial Intelligence}},
 VOLUME = 23,
 NUMBER = 3,
 YEAR = 2011,
 PAGES = {271-277}}

@inproceedings{psychoai.ijcai03,
	Address = {San Francisco, California},
	Author = {Selmer Bringsjord and B. Schimanski},
	Booktitle = {Proc. 18$^{th}$ International Joint Conference on Artificial Intelligence ({IJCAI--}03)},
	Pages = {887--893},
	Publisher = {Morgan Kaufmann},
	Title = {What is {A}rtificial {I}ntelligence? {P}sychometric {A}{I}
                  as an answer},
	Year = {2003}
}


@incollection{mgmmm_ptai_sb,
 	year=2013,
 	isbn={978-3-642-31673-9},
 	booktitle={Philosophy and Theory of Artificial Intelligence},
 	volume={5},
 	series={Studies in Applied Philosophy, Epistemology and Rational Ethics},
 	editor= {M{\"{u}}ller, Vincent C.},
 	doi={10.1007/978-3-642-31674-6_11},
 	title={{Toward a Modern Geography of Minds, Machines, and Math}},
 	publisher={Springer},
 	address = {New York, NY},
 	author={Bringsjord, Selmer and Govindarajulu, Naveen Sundar},
 	pages={151-165}
}

@article{ka_sb_scc_seqcalc,
	Author = {K. Arkoudas and S. Bringsjord},
	Journal = {International Journal of Software and Informatics},
	Number = 1,
	Pages = {47--65},
	Title = {{Propositional Attitudes and Causation}},
	Volume = 3,
	Year = {2009}
}
@incollection{manning_2008_introduction_ch1,
	title={Boolean Retrieval},
	chapter={1},
	pages={1--17},
	booktitle={Introduction to Information Retrieval},
  	author={Manning, Christopher D and Raghavan, Prabhakar and Sch{\"u}tze, Hinrich},
  	year={2008},
	edition={1},
  	publisher={Cambridge Univ. Press},
	address={Cambridge, MA, USA}
}
	
@incollection{manning_2008_introduction_ch2,
	title={The term vocabulary and postings list},
	chapter={2},
	pages={18--44},
	booktitle={Introduction to Information Retrieval},
  	author={Manning, Christopher D and Raghavan, Prabhakar and Sch{\"u}tze, Hinrich},
  	year={2008},
	edition={1},
  	publisher={Cambridge Univ. Press},
	address={Cambridge, MA, USA}
}

@incollection{manning_2008_introduction_ch4,
	title={Index construction},
	chapter={4},
	pages={61--77},
	booktitle={Introduction to Information Retrieval},
  	author={Manning, Christopher D and Raghavan, Prabhakar and Sch{\"u}tze, Hinrich},
  	year={2008},
	edition={1},
  	publisher={Cambridge Univ. Press},
	address={Cambridge, MA, USA}
}

@incollection{manning_2008_introduction_ch6,
	title={Scoring, term weighting, and the vector space model},
	chapter={6},
	pages={100--123},
	booktitle={Introduction to Information Retrieval},
  	author={Manning, Christopher D and Raghavan, Prabhakar and Sch{\"u}tze, Hinrich},
  	year={2008},
	edition={1},
  	publisher={Cambridge Univ. Press},
	address={Cambridge, MA, USA}
}

@incollection{markopolos2010,
	title={Introduction},
	pages={1--4},
	booktitle={No One Would Listen},
  	author={Markopolos, Harry},
 	year={2010},
  	publisher={John Wiley \& Sons},
	address={Hoboken, NJ, USA},
	edition={1}
}


@inproceedings{hearst1992automatic,
  title={Automatic acquisition of hyponyms from large text corpora},
  author={Hearst, Marti A},
  booktitle={Proceedings of the 14th conference on Computational linguistics-Volume 2},
  pages={539--545},
  year={1992},
  organization={Association for Computational Linguistics}
}

@article{yager1987dempster,
  title={On the Dempster-Shafer framework and new combination rules},
  author={Yager, Ronald R},
  journal={Information sciences},
  volume={41},
  number={2},
  pages={93--137},
  year={1987},
  publisher={Elsevier}
}

@incollection{martin_2000_speech_ch23,
 	author = {Martin, James and Jurafsky, Daniel},
	title={Question Answering and Summarization},
	chapter={23},
	pages={765--810},
 	booktitle = {{Speech and Language Processing. An Introduction to Natural Language Processing, Computational Linguistics, and Speech Recognition}},
 	year = {2000},
 	isbn = {0131873210},
 	edition = {2},
 	publisher = {Prentice Hall},
	address={Saddle River, NJ, USA}
}
	
@incollection{martin_2000_speech_ch14,
 	author = {Martin, James and Jurafsky, Daniel},
	title={Statistical Parsing},
	chapter={14},
	pages={459--488},
 	booktitle = {{Speech and Language Processing. An Introduction to Natural Language Processing, Computational Linguistics, and Speech Recognition}},
 	year = {2000},
 	isbn = {0131873210},
 	edition = {2},
 	publisher = {Prentice Hall},
	address={Saddle River, NJ, USA}
}

@book{martin2000speech,
 author = {Martin, D Jurafsky JH and Jurafsky, Daniel},
 title = {Speech and Language Processing. An introduction to natural language processing, computational linguistics, and speech recognition},
 year = {2000},
 isbn = {0131873210},
 edition = {2},
 publisher = {Prentice Hall}
} 

@article{richardson2006markov,
  title={Markov logic networks},
  author={Richardson, Matthew and Domingos, Pedro},
  journal={Machine learning},
  volume={62},
  number={1-2},
  pages={107--136},
  year={2006},
  publisher={Springer}
}

@article{nilsson1986probabilistic,
  title={Probabilistic logic},
  author={Nilsson, Nils J},
  journal={Artificial intelligence},
  volume={28},
  number={1},
  pages={71--87},
  year={1986},
  publisher={Elsevier}
}

@article{fan2012automatic,
  	title={Automatic knowledge extraction from documents},
  	author={Fan, James and Kalyanpur, Aditya and Gondek, DC and Ferrucci, David A},
  	journal={IBM Journal of Research and Development},
  	volume={56},
  	number={3.4},
  	pages={5:1--5:10},
	month={May-June},
  	year={2012},
  	publisher={IBM}
}

@article{friedland2004project,
  	title={Project {H}alo: Towards a digital {A}ristotle},
  	author={Friedland, Noah S and Allen, Paul G and Matthews, Gavin and Witbrock, Michael and Baxter, David and Curtis, Jon and Shepard, Blake and Miraglia, Pierluigi and Angele, Jurgen and Staab, Steffen and others},
  	journal={AI magazine},
  	volume={25},
  	number={4},
  	pages={29--48},
	month={Winter},
  	year={2004}
}

@article{ferrucci2010building,
  	title={Building {W}atson: An overview of the {D}eep{Q}{A} project},
  	author={Ferrucci, David and Brown, Eric and Chu-Carroll, Jennifer and Fan, James and Gondek, David and Kalyanpur, Aditya A and Lally, Adam and Murdock, J William and Nyberg, Eric and Prager, John and others},
  	journal={AI magazine},
  	volume={31},
  	number={3},
  	pages={59--79},
	month={Fall},
  	year={2010}
}

@inproceedings{cook1971complexity,
  title={The complexity of theorem-proving procedures},
  author={Cook, Stephen A},
  booktitle={Proc. 3rd Annual ACM Symp. Theory Computing},
  pages={151--158},
  year={1971},
  organization={ACM}
}

@article{dimopoulos2002computational,
  title={On the computational complexity of assumption-based argumentation for default reasoning},
  author={Dimopoulos, Yannis and Nebel, Bernhard and Toni, Francesca},
  journal={Artificial Intelligence},
  volume={141},
  number={1},
  pages={57--78},
  year={2002},
  publisher={Elsevier}
}

@inproceedings{bringsjord_schimanski_2004,
  author={Selmer Bringsjord and Brian Schimanski},
  title={What is {A}rtificial {I}ntelligence? {P}sychometric {A}{I} as an answer},
  booktitle={Proc. 18$^{th}$ Int. Joint Conf. Artificial
    Intelligence (IJCAI 03)},
  pages={887-893},
  year={2004}
}

@inproceedings{nute2001defeasible,
  title={Defeasible logic},
  author={Nute, Donald},
  booktitle={Int. Conf. Applications of Prolog},
  pages={151--169},
  year={2001},
  organization={Springer}
}

@article{evans_1968,
  author={Evans, G.},
  year={1968},
  title={A {P}rogram for the {S}olution of a {C}lass of {G}eometric-{A}nalogy {I}ntelligence-{T}est
    {Q}uestions},
  journal={Semantic Information Processing},
  pages={271-353}
}

@article{harnad_1991,
  author={Harnad, S.},
  year={1991},
  title={Other {B}odies, {O}ther {M}inds: {A} {M}achine {I}ncarnation of an {O}ld
    {P}hilosphical {P}roblem},
  journal={Minds and Machines},
  pages={43-54}
}

@book{raven_1962,
  author={Raven, J. C.},
  title={Advanced Progressive Matrices Set II},
  year={1962},
  publisher={H. K. Lewis},
  address={London, United Kingdom}
}

@incollection{russell_norvig_2010_ch1,
	pages={1--33},
	title={Introduction},
	author={Russell, Stuart J. and Norvig, Peter},
	chapter={1},
 	booktitle = {Artificial Intelligence: A Modern Approach},
 	year = {2010},
 	isbn = {0136042597},
 	edition = {3},
 	publisher = {Prentice Hall},
	address={Saddle River, NJ, USA}
}

@incollection{russell_norvig_2010_sect12.6,
	pages={460--462},
	title={Truth maintenance systems},
	author={Russell, Stuart J. and Norvig, Peter},
	chapter={12.6},
 	booktitle = {Artificial Intelligence: A Modern Approach},
 	year = {2010},
 	isbn = {0136042597},
 	edition = {3},
 	publisher = {Prentice Hall},
	address={Saddle River, NJ, USA},
	type={Section}
}

@book{russell_norvig_2010,
	author = {Russell, Stuart J. and Norvig, Peter},
	title={Artificial Intelligence: A Modern Approach},
 	booktitle = {Artificial Intelligence: A Modern Approach},
 	year = {2010},
 	isbn = {0136042597},
 	edition = {3},
 	publisher = {Prentice Hall},
	address={Saddle River, NJ, USA}
} 

@book{Russell:2003:AIM:773294,
 author = {Russell, Stuart J. and Norvig, Peter},
 title = {Artificial Intelligence: A Modern Approach},
 year = {2003},
 isbn = {0137903952},
 edition = {2},
 publisher = {Pearson Education},
} 


@book{russell_norvig_1994,
  author={Russell, S. {\&} Norvig, P.},
  title={Artificial Intelligence: A Modern Approach},
  year={1994},
  publisher={Prentice Hall},
  address={Saddle River, New Jersey}
}

@incollection{brachman_2004_knowledge_ch3,
	title={Expressing knowledge},
	pages={31--48},
  	booktitle={Knowledge Representation and Reasoning},
  	author={Brachman, Ronald and Levesque, Hector},
  	year={2004},
	edition={1},
  	publisher={Morgan Kauffman Publishers},
	address={San Francisco, CA, USA},
	chapter={3}
}
	
@incollection{brachman_2004_knowledge_ch4,
	title={Resolution},
	pages={49--84},
  	booktitle={Knowledge Representation and Reasoning},
  	author={Brachman, Ronald and Levesque, Hector},
  	year={2004},
	edition={1},
  	publisher={Morgan Kauffman Publishers},
	address={San Francisco, CA, USA},
	chapter={4}
}

@incollection{brachman_2004_knowledge_ch5,
	title={Reasoning with Horn Clauses},
	pages={85--98},
  	booktitle={Knowledge Representation and Reasoning},
  	author={Brachman, Ronald and Levesque, Hector},
  	year={2004},
	edition={1},
  	publisher={Morgan Kauffman Publishers},
	address={San Francisco, CA, USA},
	chapter={5}
}


@book{brachman2004knowledge,
  title={Knowledge representation and reasoning},
  author={Brachman, Ronald and Levesque, Hector},
  year={2004},
  publisher={Elsevier}
}

@article{turing_1950,
  author={Turing, A.},
  year={1950},
  title={Computing {M}achinery and {I}ntelligence},
  journal={Minds},
  volume={LIX(236)},
  pages={443-460}
}

@book{bringsjord_ferrucci_2000,
  author={Bringsjord, S. {\&} Ferrucci, D.},
  title={Artificial Intelligence and Literary Creativity: Inside the Mind of Brutus,
    a Storytelling Machine},
  year={2000},
  publisher={Lawrence Erlbaum},
  address={Mahwah, New Jersey}
}

@book{torrance_1990,
  author={Torrance, E. P.},
  title={The Torrance Tests of Creative Thinking},
  year={1990},
  publisher={Scholastic Testing Service},
  address={Bensenville, Illinois}
}

@article{tpm_rage,
  author={Bringsjord, S. {\&} Johnson, J.},
  year={2nd Quarter, 2012},
  title={Rage Against the Machine},
  journal={{T}he {P}hilosopher's {M}agazine},
  pages={90--95},
  number={Issue 57}
}

@article{bond_trade,
  author={Popper, N., Eavis, P.},
  year={2012},
  title={Bond Trading Loses Some Swagger Amid Upheaval},
  journal={New York Times},
  pages={10},
  month={July 24}
}

@inproceedings{moldovan_1999,
  	author={Moldovan, Dan I. and Harabagiu, Sanda M. and Pa{\c{s}}ca, Marius and Mihalcea, Rada and Goodrum, Richard A. and G{\^\i}rju, Corina R.},
  	year={1999},
  	title={L{ASSO}: A Tool for Surfing the {A}nswer {N}et},
  	booktitle={Proc. TREC-8},
  	pages={175-184}
}

@inproceedings{li2002learning,
  title={Learning question classifiers},
  author={Li, Xin and Roth, Dan},
  booktitle={Proc. 19$^{th}$ Int. Conf. Computational Linguistics-Volume 1},
  pages={1--7},
  year={2002},
  organization={Association for Computational Linguistics}
}

@article{clark2014interpreting,
  title={Interpreting and Reasoning with Simple Natural Language Sentences},
  author={Clark, Peter and Balasubramanian, Niranjan},
  year={2014},
  Note={unpublished}
}

@inproceedings{clark2015elementary,
	title={Elementary school science and math tests as a driver for {A}{I}: Take the {A}risto {C}hallenge!},
  	author={Clark, Peter},
  	booktitle={AAAI},
  	pages={4019--4021},
	month={January},
  	year={2015}
}

@inproceedings{radev2000ranking,
  title={Ranking suspected answers to natural language questions using predictive annotation},
  author={Radev, Dragomir R and Prager, John and Samn, Valerie},
  booktitle={Proc. 6$^{th}$ {C}onf. {A}pplied {N}atural {L}anguage {P}rocessing},
  pages={150--157},
	month={April},
  year={2000},
  organization={Association for Computational Linguistics}
}

@incollection{McCandless:2010:LAS:1893016_ch1,
	title={Meet {L}ucene},
	chapter={1},
	pages={3--30},
 	author = {McCandless, Michael and Hatcher, Erik and Gospodnetic, Otis},
 	booktitle = {Lucene in Action, Second Edition: Covers Apache Lucene 3.0},
 	year = {2010},
 	isbn = {1933988177},
 	publisher = {Manning Publications},
 	address = {Greenwich, CT, USA}
}

@incollection{McCandless:2010:LAS:1893016_ch2,
	title={Building a search index},
	chapter={2},
	pages={31--73},
 	author = {McCandless, Michael and Hatcher, Erik and Gospodnetic, Otis},
 	booktitle = {Lucene in Action, Second Edition: Covers Apache Lucene 3.0},
 	year = {2010},
 	isbn = {1933988177},
 	publisher = {Manning Publications},
 	address = {Greenwich, CT, USA}
}

@incollection{McCandless:2010:LAS:1893016_ch3,
	title={Adding search to your application},
	chapter={3},
	pages={74--109},
 	author = {McCandless, Michael and Hatcher, Erik and Gospodnetic, Otis},
 	booktitle = {Lucene in Action, Second Edition: Covers Apache Lucene 3.0},
 	year = {2010},
 	isbn = {1933988177},
 	publisher = {Manning Publications},
 	address = {Greenwich, CT, USA}
}

@incollection{McCandless:2010:LAS:1893016_ch4,
	title={Lucene's analysis process},
	chapter={4},
	pages={110--151},
 	author = {McCandless, Michael and Hatcher, Erik and Gospodnetic, Otis},
 	booktitle = {Lucene in Action, Second Edition: Covers Apache Lucene 3.0},
 	year = {2010},
 	isbn = {1933988177},
 	publisher = {Manning Publications},
 	address = {Greenwich, CT, USA}
}

@incollection{james_2013_introduction_ch4,
	title={Lab: Logistic Regression, {LDA}, {QDA}, and {KNN}},
	chapter={4.6},
	pages={154--167},
	type={Section},
  	booktitle={An Introduction to Statistical Learning},
  	author={James, Gareth and Witten, Daniela and Hastie, Trevor and Tibshirani, Robert},
  	year={2013},
  	publisher={Springer},
	address={New York, NY, USA}
}

@incollection{alpaydin_2014_introduction_ch1,
	title={Supervised Learning},
	chapter={1},
	pages={21--48},
  	booktitle={Introduction to Machine Learning},
  	author={Alpaydin, Ethem},
  	year={2014},
  	publisher={{MIT Press}},
	address={Cambridge, MA, USA}
}

@incollection{blackburn_2005_representation_ch1,
	title={First-Order Logic},
	chapter={1},
	pages={1--54},
	booktitle={Representation and Inference for Natural Language: A First Course in Computational Semantics (Studies in Computational Linguistics)},
	author={Blackburn, Patrick and Bos, Johan},
	year={2005},
	publisher={Center for the Study of Language and Information},
	address={Stanford, CA, USA},
	isbn={1575864967}
}

@incollection{blackburn_2005_representation_ch2,
	title={Lambda Calculus},
	chapter={2},
	pages={55--104},
	booktitle={Representation and Inference for Natural Language: A First Course in Computational Semantics (Studies in Computational Linguistics)},
	author={Blackburn, Patrick and Bos, Johan},
	year={2005},
	publisher={Center for the Study of Language and Information},
	address={Stanford, CA, USA},
	isbn={1575864967}
}

@incollection{blackburn_2005_representation_ch3,
	title={Underspecified Representations},
	chapter={3},
	pages={105--154},
	booktitle={Representation and Inference for Natural Language: A First Course in Computational Semantics (Studies in Computational Linguistics)},
	author={Blackburn, Patrick and Bos, Johan},
	year={2005},
	publisher={Center for the Study of Language and Information},
	address={Stanford, CA, USA},
	isbn={1575864967}
}

@incollection{blackburn_2005_representation_ch4,
	title={Propositional Inference},
	chapter={4},
	pages={155--202},
	booktitle={Representation and Inference for Natural Language: A First Course in Computational Semantics (Studies in Computational Linguistics)},
	author={Blackburn, Patrick and Bos, Johan},
	year={2005},
	publisher={Center for the Study of Language and Information},
	address={Stanford, CA, USA},
	isbn={1575864967}
}

@incollection{blackburn_2005_representation_ch5,
	title={First-Order Inference},
	chapter={5},
	pages={203--258},
	booktitle={Representation and Inference for Natural Language: A First Course in Computational Semantics (Studies in Computational Linguistics)},
	author={Blackburn, Patrick and Bos, Johan},
	year={2005},
	publisher={Center for the Study of Language and Information},
	address={Stanford, CA, USA},
	isbn={1575864967}
}

@incollection{blackburn_2005_representation_ch6,
	title={Putting It All Together},
	chapter={6},
	pages={259--308},
	booktitle={Representation and Inference for Natural Language: A First Course in Computational Semantics (Studies in Computational Linguistics)},
	author={Blackburn, Patrick and Bos, Johan},
	year={2005},
	publisher={Center for the Study of Language and Information},
	address={Stanford, CA, USA},
	isbn={1575864967}
}

@incollection{blackburn_2006_prolog_ch1,
	title={Facts, Rules, and Queries},
	chapter={1},
	pages={1--20},
	booktitle={Learn Prolog Now!},
	author={Blackburn, Patrick and Bos, Johan and Striegnitz, Kristina},
	year={2006},
	publisher={College Publications},
	address={London, England},
	isbn={1904987176}
}

@incollection{blackburn_2006_prolog_ch2,
	title={Unification and Proof Search},
	chapter={2},
	pages={21--46},
	booktitle={Learn Prolog Now!},
	author={Blackburn, Patrick and Bos, Johan and Striegnitz, Kristina},
	year={2006},
	publisher={College Publications},
	address={London, England},
	isbn={1904987176}
}

@incollection{blackburn_2006_prolog_ch3,
	title={Recursion},
	chapter={3},
	pages={47--70},
	booktitle={Learn Prolog Now!},
	author={Blackburn, Patrick and Bos, Johan and Striegnitz, Kristina},
	year={2006},
	publisher={College Publications},
	address={London, England},
	isbn={1904987176}
}

@incollection{blackburn_2006_prolog_ch4,
	title={Lists},
	chapter={4},
	pages={71--88},
	booktitle={Learn Prolog Now!},
	author={Blackburn, Patrick and Bos, Johan and Striegnitz, Kristina},
	year={2006},
	publisher={College Publications},
	address={London, England},
	isbn={1904987176}
}

@incollection{blackburn_2006_prolog_ch5,
	title={Arithmetic},
	chapter={5},
	pages={89--104},
	booktitle={Learn Prolog Now!},
	author={Blackburn, Patrick and Bos, Johan and Striegnitz, Kristina},
	year={2006},
	publisher={College Publications},
	address={London, England},
	isbn={1904987176}
}

@incollection{blackburn_2006_prolog_ch6,
	title={More Lists},
	chapter={6},
	pages={105--118},
	booktitle={Learn Prolog Now!},
	author={Blackburn, Patrick and Bos, Johan and Striegnitz, Kristina},
	year={2006},
	publisher={College Publications},
	address={London, England},
	isbn={1904987176}
}

@incollection{blackburn_2006_prolog_ch7,
	title={Definite Clause Grammars},
	chapter={7},
	pages={119--138},
	booktitle={Learn Prolog Now!},
	author={Blackburn, Patrick and Bos, Johan and Striegnitz, Kristina},
	year={2006},
	publisher={College Publications},
	address={London, England},
	isbn={1904987176}
}

@incollection{blackburn_2006_prolog_ch8,
	title={More Definite Clause Grammars},
	chapter={8},
	pages={139--158},
	booktitle={Learn Prolog Now!},
	author={Blackburn, Patrick and Bos, Johan and Striegnitz, Kristina},
	year={2006},
	publisher={College Publications},
	address={London, England},
	isbn={1904987176}
}

@incollection{blackburn_2006_prolog_ch9,
	title={A Closer Look at Terms},
	chapter={9},
	pages={159--184},
	booktitle={Learn Prolog Now!},
	author={Blackburn, Patrick and Bos, Johan and Striegnitz, Kristina},
	year={2006},
	publisher={College Publications},
	address={London, England},
	isbn={1904987176}
}

@incollection{blackburn_2006_prolog_ch10,
	title={Cuts and Negation},
	chapter={10},
	pages={185--202},
	booktitle={Learn Prolog Now!},
	author={Blackburn, Patrick and Bos, Johan and Striegnitz, Kristina},
	year={2006},
	publisher={College Publications},
	address={London, England},
	isbn={1904987176}
}

@incollection{blackburn_2006_prolog_ch11,
	title={Database Manipulation and Collecting Solutions},
	chapter={11},
	pages={203--216},
	booktitle={Learn Prolog Now!},
	author={Blackburn, Patrick and Bos, Johan and Striegnitz, Kristina},
	year={2006},
	publisher={College Publications},
	address={London, England},
	isbn={1904987176}
}

@incollection{blackburn_2006_prolog_ch12,
	title={Working with Files},
	chapter={12},
	pages={217--230},
	booktitle={Learn Prolog Now!},
	author={Blackburn, Patrick and Bos, Johan and Striegnitz, Kristina},
	year={2006},
	publisher={College Publications},
	address={London, England},
	isbn={1904987176}
}

@inproceedings{johnson2015cfeagent,
	title={Toward an Intelligent Agent for Fraud Detection -- The {CFE} {A}gent},
	author={Johnson, Joe},
	booktitle={Deceptive and Counter-Deceptive Machines: Papers from the AAAI Fall Symposium},
	year={2015},
	organization={AAAI Press},
	isbn={978-1-57735-749-0},
	number={FS-15-03},
	pages={21--26},
	editors={Clark, M. and Bringsjord, S. and Bello, P.}
}
	
@inproceedings{bringsjord2015logicist,
  title={On Logicist Agent-Based Economics},
  author={Bringsjord, Selmer and Govindarajulu, NS and Licato, J and Sen, A and Johnson, J and Bringsjord, A and Taylor, J},
  booktitle={Proc. Artificial Economics},
  year={2015}
}

@article{johnson2014three,
  	Author={Johnson, Joe and Govindarajulu, Naveen Sundar and Bringsjord, Selmer},
  	Journal={Mind \& Society},
  	Number={1},
  	Pages={59--82},
  	Publisher={Springer},
  	Title={A three-pronged {S}imonesque approach to modeling and simulation in deviant “bi-pay” auctions, and beyond},
  	Volume={13},
	Month={June},
  	Year={2014}
}

@misc{acfe,
	note = {{Association of Certified Fraud Examiners, \textit{ACFE}. [Online] Available: http://www.acfe.com/ Accessed on: November 1, 2011}},
}

@misc{acfe_manual_2011_doctorshopping,
	note={{Association of Certified Fraud Examiners, ``Doctor/ER Shopping"  in \textit{2011 Fraud Examiners Manual}, section 1, p. 1.227, Austin, Texas: Association of Certified Fraud Examiners [Online] Available: http://www.acfe.com/2016USFEM.aspx Accessed on: November 1, 2011}}
}

@misc{acfe_study_package_2011,
	note={{Association of Certified Fraud Examiners, \textit{2011 ACFE Study Package}. [Online] Available: http://www.acfe.com/student-package.aspx Accessed on: November 1, 2011}}
}

@misc{lucene,
	note = {{Apache Software Foundation, \textit{Lucene}. [Online] Available: https://lucene.apache.org/ Accessed on: November 12, 2015}},
}

@misc{opennlp,
	note = {{Apache Software Foundation, \textit{OpenNLP}. [Online] Available: https://opennlp.apache.org/ Accessed on: August 14, 2015}},
}

@misc{apache,
	note = {{Apache Software Foundation, [Online] Available: https://www.apache.org/ Accessed on: July 15, 2016}},
}

@misc{stanford_parser,
	note = {{Stanford Natural Language Processing Group, \textit{Stanford Parser}. [Online] Available: http://nlp.stanford.edu/software/lex-parser.shtml Accessed on: August 14, 2015}},
}

@misc{wiki:boolean_retrieval,
	note={{``Standard Boolean model --- Wikipedia, The Free Encyclopedia"  in \textit{Wikipedia}, [Online] Available: https://en.wikipedia.org/w/index.php?title=Standard\_Boolean\_model  Accessed on: February 1, 2016}}
}

@misc{java_software,
	note = {{Oracle, \textit{Java}. [Online] Available: http://www.oracle.com/technetwork/java/javase/downloads/index.html Accessed on: September 5, 2008}},
}

@misc{r_software,
	note = {{R. Gentleman and R. Ihaka, \textit{R Project for Statistical Computing}. [Online] Available: https://www.r-project.org/ Accessed on: February 8, 2012}},
}

@misc{snarksri,
	Author = {Mark E. Stickel},
	Title = {{SNARK - SRI's New Automated Reasoning Kit}},
	note = {{[Online] http://www.ai.sri.com/$\scriptstyle\sim$stickel/snark.html Accessed on: March 10, 2012.}},
	Year = 2008
}

@inproceedings{Slate_at_CMNA08,
	Author = {Selmer Bringsjord and Joshua Taylor and Andrew Shilliday and Micah Clark and Konstantine Arkoudas},
	Title = {{S}late: An Argument-centered Intelligent Assistant to Human Reasoners},
	Booktitle = {Proc. 8$^{th}$ Int. Workshop on Computational Models of Natural Argument ({CMNA} 8)},
	Month = {July},
	Year = {2008},
	Address = {Patras, Greece},
	Editor = {Floriana Grasso and Nancy Green and Rodger Kibble and Chris Reed},
	Isbn = {978-960-6843-12-9},
	Pages = {1--10}
}

@article{kolmogorov1958definition,
	Annote = {This is the paper in which Kolmogorov and Uspenskii define
                  and spell out the details of their computing
                  scheme.},
	Author = {Kolmogorov, A.N. and Uspenskii, V.A.},
	Journal = {Uspekhi Matematicheskikh Nauk},
	Number = {4},
	Pages = {3--28},
	Publisher = {Russian Academie of Sciences},
	Title = {{On the Definition of an Algorithm}},
	Volume = {13},
	Year = {1958}}

@article{bringsjord_sundar_g_unprov_ct,
	Title = {In Defense of the Unprovability of the 
                  Church-Turing Thesis},
	Author = {Selmer Bringsjord and Naveen Sundar Govindarajulu},
	Journal = {Journal of Unconventional Computing},
	Volume = {6},
	Number={5},
     Pages = {353-373},
	Year = {2011}
}
\end{alertenv}