@incollection{Bringsjord2012,
	Address = {8, square des Bouleaux, 75019 Paris, France},
	Author = {Bringsjord, Selmer and Licato, John},
	Booktitle = {{Theoretical Foundations of Artificial General Intelligence}},
	Date-Added = {2012-03-05 19:34:11 -0500},
	Date-Modified = {2014-05-13 01:48:09 +0000},
	Editor = {Pei Wang and Ben Goertzel},
	Pages = {25-48},
	Publisher = {Atlantis Press},
	Title = {{Psychometric Artificial General Intelligence: The Piaget-MacGyver Room}},
	Url = {http://kryten.mm.rpi.edu/Bringsjord\_Licato\_PAGI\_071512.pdf},
	Year = {2012},
	Bdsk-Url-1 = {http://kryten.mm.rpi.edu/Bringsjord\_Licato\_PAGI\_071512.pdf}}


@phdthesis{Clark:2010:CIL:2019791,
 author = {Clark, Micah H.},
 advisor = {Bringsjord, Selmer},
 title = {Cognitive Illusions and the Lying Machine: A Blueprint for Sophistic Mendacity},
 year = {2010},
 isbn = {978-1-124-19928-3},
 note = {AAI3420907},
 publisher = {Rensselaer Polytechnic Institute},
 address = {Troy, NY, USA},
} 

@article{firozabadi1999formal,
  title={Formal definitions of fraud},
  author={Firozabadi, B Sadighi and Tan, Yao-Hua and Lee, Ronald M},
  journal={Norms, Logics and Information Systems-New Studies in Deontic Logic and Computer Science, IOS Press, Amsterdam, The Netherlands},
  pages={275--288},
  year={1999},
  publisher={Citeseer}
}

@ARTICLE {bringsjord_jetai_pai_overview_2011,
 AUTHOR = {Selmer Bringsjord},
 JOURNAL = {Journal of Experimental and Theoretical
            Artificial Intelligence},
 TITLE = {{Psychometric Artificial Intelligence}},
 VOLUME = 23,
 NUMBER = 3,
 YEAR = 2011,
 PAGES = {271-277}}

@inproceedings{psychoai.ijcai03,
        Address = {San Francisco, CA},
        Author = {S. Bringsjord and B. Schimanski},
        Booktitle = {Proceedings of the 18$^{th}$ International Joint Conferenc\
e on Artificial Intelligence ({IJCAI--}03)},
        Pages = {887-893},
        Publisher = {Morgan Kaufmann},
        Title = {{W}hat is {A}rtificial {I}ntelligence? {P}sychometric {AI}
                  as an {A}nswer},
        Url = {http://kryten.mm.rpi.edu/scb.bs.pai.ijcai03.pdf},
        Year = 2003,
        Bdsk-Url-1 = {http://kryten.mm.rpi.edu/scb.bs.pai.ijcai03.pdf}}



@incollection{mgmmm_ptai_sb,
 year=2013,
 isbn={978-3-642-31673-9},
 booktitle={Philosophy and Theory of Artificial Intelligence},
 volume={5},
 series={Studies in Applied Philosophy, Epistemology and Rational Ethics},
 editor= {M{\"{ÃŒ}}ller, Vincent C.},
 doi={10.1007/978-3-642-31674-6_11},
 title={{Toward a Modern Geography of Minds, Machines, and Math}},
 URL={http://www.springerlink.com/content/hg712w4l23523xw5},
 publisher={Springer},
 address = {New York, NY},
 author={Bringsjord, Selmer and Govindarajulu, Naveen Sundar},
 pages={151-165}}

@article{ka_sb_scc_seqcalc,
	Author = {K. Arkoudas and S. Bringsjord},
	Journal = {International Journal of Software and Informatics},
	Number = 1,
	Pages = {47--65},
	Title = {{Propositional Attitudes and Causation}},
	Url = {http://kryten.mm.rpi.edu/PRICAI\_w\_sequentcalc\_041709.pdf},
	Volume = 3,
	Year = 2009,
	Bdsk-Url-1 = {http://kryten.mm.rpi.edu/PRICAI%5C_w%5C_sequentcalc%5C_041709.pdf}}

@book{manning2008introduction,
  title={Introduction to {I}nformation {R}etrieval},
  author={Manning, Christopher D and Raghavan, Prabhakar and Sch{\"u}tze, Hinrich},
  volume={1},
  year={2008},
  publisher={Cambridge university press Cambridge}
}

@book{markopolos2010,
  title={No {O}ne {W}ould {L}isten},
  author={Markopolos, Harry},
  year={2010},
  publisher={John Wiley  Sons}
}
}

@inproceedings{hearst1992automatic,
  title={Automatic acquisition of hyponyms from large text corpora},
  author={Hearst, Marti A},
  booktitle={Proceedings of the 14th conference on Computational linguistics-Volume 2},
  pages={539--545},
  year={1992},
  organization={Association for Computational Linguistics}
}

@article{yager1987dempster,
  title={On the Dempster-Shafer framework and new combination rules},
  author={Yager, Ronald R},
  journal={Information sciences},
  volume={41},
  number={2},
  pages={93--137},
  year={1987},
  publisher={Elsevier}
}

@book{martin2000speech,
 author = {Martin, D Jurafsky JH and Jurafsky, Daniel},
 title = {Speech and Language Processing. An introduction to natural language processing, computational linguistics, and speech recognition},
 year = {2000},
 isbn = {0131873210},
 edition = {2},
 publisher = {Prentice Hall},
} 

@article{richardson2006markov,
  title={Markov logic networks},
  author={Richardson, Matthew and Domingos, Pedro},
  journal={Machine learning},
  volume={62},
  number={1-2},
  pages={107--136},
  year={2006},
  publisher={Springer}
}

@article{nilsson1986probabilistic,
  title={Probabilistic logic},
  author={Nilsson, Nils J},
  journal={Artificial intelligence},
  volume={28},
  number={1},
  pages={71--87},
  year={1986},
  publisher={Elsevier}
}

@article{fan2012automatic,
  title={Automatic knowledge extraction from documents},
  author={Fan, James and Kalyanpur, Aditya and Gondek, DC and Ferrucci, David A},
  journal={IBM Journal of Research and Development},
  volume={56},
  number={3.4},
  pages={5--1},
  year={2012},
  publisher={IBM}
}

@article{friedland2004project,
  title={Project halo: Towards a digital aristotle},
  author={Friedland, Noah S and Allen, Paul G and Matthews, Gavin and Witbrock, Michael and Baxter, David and Curtis, Jon and Shepard, Blake and Miraglia, Pierluigi and Angele, Jurgen and Staab, Steffen and others},
  journal={AI magazine},
  volume={25},
  number={4},
  pages={29},
  year={2004}
}

@article{ferrucci2010building,
  title={Building Watson: An overview of the DeepQA project},
  author={Ferrucci, David and Brown, Eric and Chu-Carroll, Jennifer and Fan, James and Gondek, David and Kalyanpur, Aditya A and Lally, Adam and Murdock, J William and Nyberg, Eric and Prager, John and others},
  journal={AI magazine},
  volume={31},
  number={3},
  pages={59--79},
  year={2010}
}

@article{bringsjord_schimanski_2004,
  author={Bringsjord, S. {\&} Schimanski, S.},
  title={What is {A}rtificial {I}ntelligence? {P}sychometric {A}{I} as an {A}nswer},
  journal={Proceedings of the 18th International Joint Conference on Artificial
    Intelligence (IJCAI 03)},
  pages={887-893},
  year={2004}
}

@article{evans_1968,
  author={Evans, G.},
  year={1968},
  title={A {P}rogram for the {S}olution of a {C}lass of {G}eometric-{A}nalogy {I}ntelligence-{T}est
    {Q}uestions},
  journal={Semantic Information Processing},
  pages={271-353}
}

@article{harnad_1991,
  author={Harnad, S.},
  year={1991},
  title={Other {B}odies, {O}ther {M}inds: {A} {M}achine {I}ncarnation of an {O}ld
    {P}hilosphical {P}roblem},
  journal={Minds and Machines},
  pages={43-54}
}

@book{raven_1962,
  author={Raven, J. C.},
  title={Advanced Progressive Matrices Set II},
  year={1962},
  publisher={H. K. Lewis},
  address={London, United Kingdom}
}

@book{Russell:2003:AIM:773294,
 author = {Russell, Stuart J. and Norvig, Peter},
 title = {Artificial Intelligence: A Modern Approach},
 year = {2003},
 isbn = {0137903952},
 edition = {2},
 publisher = {Pearson Education},
} 


@book{russell_norvig_1994,
  author={Russell, S. {\&} Norvig, P.},
  title={Artificial Intelligence: A Modern Approach},
  year={1994},
  publisher={Prentice Hall},
  address={Saddle River, New Jersey}
}

@book{brachman2004knowledge,
  title={Knowledge representation and reasoning},
  author={Brachman, Ronald and Levesque, Hector},
  year={2004},
  publisher={Elsevier}
}

@article{turing_1950,
  author={Turing, A.},
  year={1950},
  title={Computing {M}achinery and {I}ntelligence},
  journal={Minds},
  volume={LIX(236)},
  pages={443-460}
}

@book{bringsjord_ferrucci_2000,
  author={Bringsjord, S. {\&} Ferrucci, D.},
  title={Artificial Intelligence and Literary Creativity: Inside the Mind of Brutus,
    a Storytelling Machine},
  year={2000},
  publisher={Lawrence Erlbaum},
  address={Mahwah, New Jersey}
}

@book{torrance_1990,
  author={Torrance, E. P.},
  title={The Torrance Tests of Creative Thinking},
  year={1990},
  publisher={Scholastic Testing Service},
  address={Bensenville, Illinois}
}

@article{tpm_rage,
  author={Bringsjord, S. {\&} Johnson, J.},
  year={2nd Quarter, 2012},
  title={Rage Against the Machine},
  journal={{T}he {P}hilosopher's {M}agazine},
  pages={90--95},
  number={Issue 57}
}

@article{bond_trade,
  author={Popper, N., Eavis, P.},
  year={2012},
  title={Bond Trading Loses Some Swagger Amid Upheaval},
  journal={New York Times},
  pages={10},
  month={July 24}
}

@article{moldovan_1999,
  author={Moldovan, Dan I. and Harabagiu, Sanda M. and Pasca, Marius and Mihalcea, Rada and Goodrum, Richard A. and Girju, Corina R.},
  year={1999},
  title={LASSO: A {T}ool for {S}urfing the {A}answer {N}et},
  journal={Proceedings of TREC-8},
  pages={65-74}
}

@inproceedings{li2002learning,
  title={Learning question classifiers},
  author={Li, Xin and Roth, Dan},
  booktitle={Proceedings of the 19th international conference on Computational linguistics-Volume 1},
  pages={1--7},
  year={2002},
  organization={Association for Computational Linguistics}
}

@article{clark2014interpreting,
  title={Interpreting and Reasoning with Simple Natural Language Sentences},
  author={Clark, Peter and Balasubramanian, Niranjan},
  year={2014},
  publisher={Citeseer}
}

@article{clark2015elementary,
  title={Elementary school science and math tests as a driver for AI: Take the Aristo Challenge},
  author={Clark, Peter},
  journal={to appear},
  year={2015}
}

@inproceedings{radev2000ranking,
  title={Ranking suspected answers to natural language questions using predictive annotation},
  author={Radev, Dragomir R and Prager, John and Samn, Valerie},
  booktitle={Proceedings of the sixth conference on Applied natural language processing},
  pages={150--157},
  year={2000},
  organization={Association for Computational Linguistics}
}

@misc{wiki:boolean_retrieval,
   author = {Wikipedia},
   title = {Standard Boolean model --- Wikipedia{,} The Free Encyclopedia},
   year = {2015},
   url = {https://en.wikipedia.org/w/index.php?title=Standard_Boolean_model&oldid=644811431},
   note = "[Online; accessed 1-February-2016]"
 }

@book{McCandless:2010:LAS:1893016,
 author = {McCandless, Michael and Hatcher, Erik and Gospodnetic, Otis},
 title = {Lucene in Action, Second Edition: Covers Apache Lucene 3.0},
 year = {2010},
 isbn = {1933988177, 9781933988177},
 publisher = {Manning Publications Co.},
 address = {Greenwich, CT, USA},
}

@book{james2013introduction,
  title={An introduction to statistical learning},
  author={James, Gareth and Witten, Daniela and Hastie, Trevor and Tibshirani, Robert},
  volume={112},
  year={2013},
  publisher={Springer}
}

@book{alpaydin2014introduction,
  title={Introduction to machine learning},
  author={Alpaydin, Ethem},
  year={2014},
  publisher={MIT press}
}

@book{blackburn2005representation,
	title={Representation and Inference for Natural Language: A First Course in Computational Semantics (Studies in Computational Linguistics)},
	author={Blackburn, Patrick and Bos, Johan},
	year={2005},
	publisher={Center for the Study of Language and Information},
	isbn={1575864967}
}

@techreport{johnson2015cfeagent,
	title={Deceptive and Counter-Deceptive Machines: Papers from the AAAI Fall Symposium},
	author={Johnson, Joe},
	year={2015},
	institution={AAAI Press},
	isbn={978-1-57735-749-0},
	number={FS-15-03},
	pages={21 -- 26},
	editors={Clark, M. and Bringsjord, S. and Bello, P.},
	note={Toward an Intelligent Agent for Fraud Detection -- The CFE Agent}
}
	

\end{alertenv}